<record><leader>00000cas a22000007a 4500</leader><controlfield tag="001">13059992</controlfield><controlfield tag="008">860124d189u1898wvuwr ne      0    0eng d</controlfield><datafield ind1=" " ind2=" " tag="010"><subfield code="a">sn 86092134 </subfield></datafield><datafield ind1=" " ind2=" " tag="040"><subfield code="a">WVC</subfield><subfield code="b">eng</subfield><subfield code="c">WVC</subfield><subfield code="d">OCL</subfield><subfield code="d">OCLCQ</subfield></datafield><datafield ind1=" " ind2=" " tag="042"><subfield code="a">msc</subfield></datafield><datafield ind1="0" ind2="0" tag="245"><subfield code="a">Weekly star-tribune.</subfield></datafield><datafield ind1=" " ind2=" " tag="260"><subfield code="a">Charleston, W. Va. :</subfield><subfield code="b">Star-Tribune Co.</subfield></datafield><datafield ind1=" " ind2=" " tag="300"><subfield code="a">v.</subfield></datafield><datafield ind1=" " ind2=" " tag="310"><subfield code="a">Weekly</subfield></datafield><datafield ind1="1" ind2=" " tag="362"><subfield code="a">Ceased in 1898.</subfield></datafield><datafield ind1=" " ind2=" " tag="588"><subfield code="a">Description based on: Charleston star, vol. 11, no. 6 and: State tribune, vol. 15, no. 6 (Nov. 7, 1895).</subfield></datafield><datafield ind1=" " ind2=" " tag="752"><subfield code="a">United States</subfield><subfield code="b">West Virginia</subfield><subfield code="c">Kanawha</subfield><subfield code="d">Charleston.</subfield></datafield><datafield ind1="0" ind2=" " tag="775"><subfield code="t">Star daily tribune</subfield><subfield code="w">(DLC)sn 86092139</subfield></datafield><datafield ind1="0" ind2="0" tag="780"><subfield code="t">Star weekly tribune</subfield><subfield code="w">(DLC)sn 86092133</subfield></datafield><datafield ind1="0" ind2="7" tag="785"><subfield code="t">Charleston weekly mail (Charleston, W. Va. : 1896)</subfield><subfield code="w">(DLC)sn 86092127</subfield></datafield><datafield ind1="0" ind2="7" tag="785"><subfield code="t">Weekly mail tribune</subfield><subfield code="w">(DLC)sn 86092128</subfield></datafield></record>